<record><leader>00000cas a22000007a 4500</leader><controlfield tag="001">13069265</controlfield><controlfield tag="008">860127u1907uuuupausr ne      0    0eng d</controlfield><datafield ind1=" " ind2=" " tag="010"><subfield code="a">sn 86081040 </subfield></datafield><datafield ind1=" " ind2=" " tag="040"><subfield code="a">NPH</subfield><subfield code="b">eng</subfield><subfield code="c">NPH</subfield><subfield code="d">OCLCQ</subfield></datafield><datafield ind1=" " ind2=" " tag="042"><subfield code="a">msc</subfield></datafield><datafield ind1="0" ind2="0" tag="245"><subfield code="a">New York Central Lines news.</subfield></datafield><datafield ind1="1" ind2="3" tag="246"><subfield code="a">N.Y.C. news</subfield></datafield><datafield ind1=" " ind2=" " tag="260"><subfield code="a">Avis, Pa. :</subfield><subfield code="b">Avis Shop Employees Assn.,</subfield><subfield code="c">1907-</subfield></datafield><datafield ind1=" " ind2=" " tag="300"><subfield code="a">v. ;</subfield><subfield code="c">30 cm.</subfield></datafield><datafield ind1=" " ind2=" " tag="310"><subfield code="a">Semimonthly</subfield></datafield><datafield ind1="0" ind2=" " tag="362"><subfield code="a">Vol. 1, no. 1 (Sept. 4, 1907)-</subfield></datafield><datafield ind1="2" ind2=" " tag="710"><subfield code="a">Avis Shop Employees Association.</subfield></datafield><datafield ind1=" " ind2=" " tag="752"><subfield code="a">United States</subfield><subfield code="b">Pennsylvania</subfield><subfield code="c">Clinton</subfield><subfield code="d">Avis.</subfield></datafield><datafield ind1="1" ind2=" " tag="029"><subfield code="a">AU@</subfield><subfield code="b">000025812364</subfield></datafield></record>